@article{Rabin:1959:FAD,
     author = {Rabin, M. O. and Scott, D.},
     title = {Finite Automata and Their Decision Problems},
     journal = {IBM J. Res. Dev.},
     issue_date = {April 1959},
     volume = {3},
     number = {2},
     month = apr,
     year = {1959},
     issn = {0018-8646},
     numpages = {12},
     acmid = {1661909},
     publisher = {IBM Corp.},
     address = {Riverton, NJ, USA},
} 

@book{Aho2007compilers,
    title={Compilers, Principles, Techniques, and Tools. 2nd Edition},
    author={Aho, Alfred V and Sethi, Ravi and Ullman, Jeffrey D},
    year={2007},
    publisher={Addison wesley}
}

@book{Knuth1986texbook,
    title={The texbook},
    author={Knuth, Donald Ervin and Bibby, Duane},
    volume={1993},
    year={1986},
    publisher={Addison-Wesley Reading, Massachusetts}
}

@book{Gamma1994design,
    title={Design patterns: elements of reusable object-oriented software},
    author={Gamma, Erich and Helm, Richard and Johnson, Ralph and Vlissides, John},
    year={1994},
    publisher={Pearson Education}
}

@book{Napier1990R,
    author =       "John Napier",
    title =        "Rabdology",
    publisher =    "Tomash Publishers",
    address =      "Los Angeles, CA, USA",
    pages =        "xxxvi + 135",
    year =         "1990",
    note =         "Translation of Rabdologia.",
    series =       "Charles Babbage Institute reprint series for the history of computing ; v. 15"
}

@misc{Lesk1975lex,
    title={Lex: A lexical analyzer generator},
    author={Lesk, Michael E and Schmidt, Eric},
    year={1975},
    publisher={Bell Laboratories Murray Hill, NJ}
}

@article{Spencer1994regex,
    title={regex—POSIX 1003.2 regular expressions},
    author={Spencer, Henry},
    journal={Unix Manpages},
    year={1994}
}

@book{Friedl2006mastering,
    title={Mastering regular expressions},
    author={Friedl, Jeffrey EF},
    year={2006},
    publisher={O'Reilly Media, Inc.}
}

@book{Quine1969set,
    title={Set theory and its logic},
    author={Quine, Willard van O},
    volume={9},
    year={1969},
    publisher={Harvard University Press}
}

@book{Burns2001real,
    title={Real-time systems and programming languages: Ada 95, real-time Java, and real-time POSIX},
    author={Burns, Alan and Wellings, Andrew J},
    year={2001},
    publisher={Pearson Education}
}

@misc{Unicode2015,
    title={The Unicode Standard -- Unicode 8.0 Core Specification},
    author={Unicode Consortium and others},
    publisher={Unicode Inc.},
    year={2015}
}


@techreport{ISO1992_6429,
    author = {ISO},
    Institution = {International Organization for Standardization},
    address = {Geneva, Switzerland},
    Title = {Information technology -- Control functions for coded character sets},
    number = {ISO/IEC 6429:1992},
    Type = {ISO},
    Year = {1992}
}

@book{Robbins1995practical,
    title={Practical UNIX programming: a guide to concurrency, communication, and multithreading},
    author={Robbins, Kay A and Robbins, Steven},
    year={1995},
    publisher={Prentice-Hall, Inc.}
}

@article{Paxson1995flex,
    title={Flex-Fast lexical analyzer generator},
    author={Paxson, Vern and others},
    journal={Lawrence Berkeley Laboratory},
    year={1995}
}

@techreport{ISO1993posix
    author = {ISO},
    Institution = {International Organization for Standardization},
    address = {Geneva, Switzerland},
    Title = {Information technology – Portable Operating System Interface (POSIX) – Part 2: Shell and Utilities},
    number = {ISO/IEC 9945-2:1993},
    Type = {ISO},
    Year = {1993}
}
