@article{Rabin:1959:FAD,
     author = {Rabin, M. O. and Scott, D.},
     title = {Finite Automata and Their Decision Problems},
     journal = {IBM J. Res. Dev.},
     issue_date = {April 1959},
     volume = {3},
     number = {2},
     month = apr,
     year = {1959},
     issn = {0018-8646},
     numpages = {12},
     acmid = {1661909},
     publisher = {IBM Corp.},
     address = {Riverton, NJ, USA},
} 

@book{Aho2007compilers,
    title={Compilers, Principles, Techniques, and Tools. 2nd Edition},
    author={Aho, Alfred V and Sethi, Ravi and Ullman, Jeffrey D},
    year={2007},
    publisher={Addison wesley}
}

@book{Knuth1986texbook,
    title={The texbook},
    author={Knuth, Donald Ervin and Bibby, Duane},
    volume={1993},
    year={1986},
    publisher={Addison-Wesley Reading, Massachusetts}
}

@book{Gamma1994design,
    title={Design patterns: elements of reusable object-oriented software},
    author={Gamma, Erich and Helm, Richard and Johnson, Ralph and Vlissides, John},
    year={1994},
    publisher={Pearson Education}
}

@book{Napier1990R,
    author =       "John Napier",
    title =        "Rabdology",
    publisher =    "Tomash Publishers",
    address =      "Los Angeles, CA, USA",
    pages =        "xxxvi + 135",
    year =         "1990",
    note =         "Translation of Rabdologia.",
    series =       "Charles Babbage Institute reprint series for the history of computing ; v. 15"
}

@misc{Lesk1975lex,
    title={Lex: A lexical analyzer generator},
    author={Lesk, Michael E and Schmidt, Eric},
    year={1975},
    publisher={Bell Laboratories Murray Hill, NJ}
}

@article{Spencer1994regex,
    title={regexâ€”POSIX 1003.2 regular expressions},
    author={Spencer, Henry},
    journal={Unix Manpages},
    year={1994}
}
